3104 5234
187 513 253 558 CAP·
269 515 331 568 XIII.
552 523 597 572 DE
617 522 818 572 APOSTASIA.
1335 527 1392 582 ¹79

187 695 230 736 est
255 694 373 737 terrena
402 682 586 751 substancia,
615 702 676 739 non
706 695 804 756 potest
833 695 990 755 expectare
1016 700 1173 738 consecra·
1194 691 1244 734 Nor
1259 692 1279 734 is
1294 691 1311 734 it
1325 699 1378 752 Ιπυε

187 768 316 837 cionem,
350 771 401 824 sed
435 769 544 825 desinit
578 789 640 825 esse
673 769 703 824 in
737 769 972 826 consecracione
1006 771 1173 825 secundum
1195 744 1387 839 sussffissffifffls

187 855 352 928 quamlibet
386 856 432 911 sui
466 870 600 930 partem3
635 857 704 930 quia
738 858 849 913 frustra
882 870 910 912 et
943 857 1033 912 stulte
1072 848 1396 944 Ofafelsscgffieg'sffifssnf'f

186 943 322 1013 ecclesia,
352 957 383 998 ut
412 943 463 999 illa
492 945 664 1000 substancia
694 944 777 1001 fieret
808 963 918 1018 corpus
943 943 1062 1001 Christi.
1096 942 1222 1012 Quiafor
1236 952 1291 1007 why
1307 954 1390 996 should

163 1033 246 1085 §non
276 1044 319 1085 est
343 1034 543 1104 supponenda
573 1032 602 1086 in
633 1031 744 1087 sanctis
769 1030 945 1087 doctoribus
970 1044 1053 1087 tanta
1078 1003 1394 1103 logicefflssfi'fflsss'gffl

188 1116 372 1189 ignoranda,
404 1131 435 1172 ut
465 1118 566 1174 dicant
595 1120 640 1174 vel
670 1120 758 1174 deum
783 1120 829 1175 vel
858 1119 1046 1174 sacerdotem
1077 1118 1174 1172 facere
1190 1107 1291 1151 Christ’s
1308 1109 1385 1165 body?

187 1203 301 1277 aliquid
319 1223 429 1278 corpus
442 1205 564 1274 Christi,
582 1207 663 1280 quod
683 1225 743 1263 non
761 1219 861 1279 potest
878 1223 942 1262 esse
959 1205 1033 1261 illud
1051 1223 1173 1279 corpm,

187 1309 241 1347 nec
275 1311 330 1365 pro
365 1279 416 1359 ilio
452 1305 589 1366 tempore
623 1293 679 1349 erit
712 1292 889 1369 quidquam.
929 1296 966 1348 Et
998 1293 1052 1348 hec
1092 1291 1174 1348 racio

188 1377 337 1452 quietaret
362 1378 474 1437 fideles.

238 1602 262 1651 i).
283 1586 350 1633 Here
370 1586 390 1632 is
410 1586 501 1634 writen
520 1587 546 1633 in
560 1583 704 1634 Bohemian
724 1601 758 1634 on
777 1585 820 1634 the
834 1587 887 1634 MS.
902 1585 1007 1635 marked
1023 1586 1055 1634 C:
1076 1587 1174 1650 Opraw

187 1653 232 1702 tho
252 1655 377 1719 mnyssku
398 1656 425 1717 [i.
445 1673 466 1704 e.
487 1656 606 1719 Improve
626 1671 697 1719 upon
717 1655 780 1717 that,
801 1655 914 1719 monk!).
